@techreport{valle2004mapping,
	title={Mapping procedure applied to general engine management system for spark plug engines},
	author={Valle, Ram{\'o}n Molina and Barros, Jos{\'e} Eduardo Mautone and Baeta, Jos{\'e} Guilherme Coelho and Pujatti, Fabr{\'\i}cio Jos{\'e} Pacheco},
	year={2004},
	institution={SAE Technical Paper}
}

@book{diniz2014processamento,
	title={Processamento Digital de Sinais-: Projeto e An{\'a}lise de Sistemas},
	author={Diniz, Paulo SR and da Silva, Eduardo AB and Netto, Sergio L},
	year={2014},
	publisher={Bookman Editora}
}

@article{texas01,
	Author = {Texas Instruments},
	Title = {MSP430x2xxx, User Guide},
	Year = {2004},
	Url = {http://www.ti.com/lit/ug/slau144j/slau144j.pdf.}
}

@article{SMAR,
	Author = {César Cassiolato},
	Title = {Condicionamento de Sinais Analógicos e Sensores},
	Year = {2017},
	Url = {http://www.smar.com/brasil/artigo-tecnico/condicionamento-de-sinais-analogicos-sensores}
}

@article{national01,
	Author = {National Instruments},
	Title = {O que é Condicionamento de Sinais},
	Year = {2012},
	Url = {http://www.ni.com/white-paper/10630/pt/}
}
